
@article{article:oldenburg2013,
    author      = "Douglas W. Oldenburg and Eldad Haber and Roman Shekhtman",
    year        = "2013",
    title       = "Three dimensional inversion of multisource time domain electromagnetic data",
    journal     = "Geophysics",
    volume      = "78",
    pages       = "E47-E57"
}

@article{article:cox2012,
    author      = "L. Cox and G. Wilson and M. Zhdanov",
    year        = "2012",
    title       = "3D inversion of airborne electromagnetic data",
    journal     = "Geophysics",
    volume      = "77",
    pages       = "WB59-WB69"
}

@article{article:persova2011,
    author      = "М. Г. Персова and Ю. Г. Соловейчик and Г. М. Тригубович",
    year        = "2011",
    title       = "Компьютерное моделирование геоэлектромагнитных
                   полей в трехмерных средах методом конечных элементов",
    journal     = "Физика Земли",
    number      = "2",
    pages       = "3-14"
}

@article{article:persova2013-02,
    author      = "М. Г. Персова and Ю. Г. Соловейчик and Г. М. Тригубович",
    year        = "2013",
    title       = "Методы и алгоритмы восстановления трехмерной структуры
                   проводимости и поляризуемости среды по данным электромагнитных
                   зондирований на основе конечноэлементного 3D-моделирования",
    journal     = "Физика Земли",
    number      = "3",
    pages       = "30-45"
}

@article{article:foster2001,
    author      = "I. Foster and C. Kesselman and S. Tuecke",
    year        = "2001",
    title       = "The Anatomy of the Grid: Enabling Scalable Virtual Organizations",
    journal     = "International Journal of Supercomputer Applications
                   and High Performance Computing",
    volume      = "15",
    pages       = "200-222"
}

@article{article:tikhonov1943,
    author      = "А. Н. Тихонов",
    year        = "1943",
    title       = "Об устойчивости обратных задач",
    journal     = "ДАН СССР",
    volume      = "39",
    pages       = "195—198"
}

@article{article:king1983,
    author      = "J. L. King",
    year        = "1983",
    title       = "Centralized versus decentralized computing:
                   organizational considerations and management options",
    journal     = "ACM Computing Surveys",
    volume      = "15",
    pages       = "319-349"
}

@article{article:savelova1972,
    author      = "Т. И. Савелова",
    year        = "1972",
    title       = "Проекционные методы решения линейных некорректных уравнений",
    journal     = "Журн. вычисл. матем. и мат. физики.",
    volume      = "12",
    pages       = "1027-1031"
}

@article{article:vasin1981,
    author      = "В. В. Васин and В. П. Танана",
    year        = "1981",
    title       = "Необходимые и достаточные условия сходимости проекционных
                   методов для линейных неустойчивых задач",
    journal     = "ДАН СССР",
    volume      = "258",
    pages       = "1032-1034"
}

@article{article:kabanihin2010,
    author      = "С. И. Кабанихин",
    year        = "2010",
    title       = "Обратные и некорректные задачи (о первой международной молодежной
                   научной школе-конференции \qmark{Теория и численные методы решения
                   обратных и некорректных задач})",   
    journal     = "Сиб. электрон. матем. изв.",
    volume      = "7",
    pages       = "380-394"
}

@article{article:vagin2014,
    author      = "Д. В. Вагин and П. А. Домников and Н. В. Кондратьев",
    year        = "2014",
    title       = "Организация и программное обеспечение распределенных
                   вычислений для решения задач геоэлектромагнетизма",   
    journal     = "Труды XII международной конференции
                   \qmark{Актуальные проблемы электронного приборостроения} (АПЭП-2014)",
    volume      = "6",
    pages       = "139-142"
}

@article{article:persova2013-01,
    author      = "Марина Геннадьевна Персова and Юрий Григорьевич Соловейчик and
                   Петр Александрович Домников",
    year        = "2013",
    title       = "Решение трехмерных задач магнитотеллурики в сложных
                   средах с использованием метода конечных элементов",   
    journal     = "Научный вестник НГТУ",
    volume      = "50",
    pages       = "74-82"
}

@article{article:mudge2011,
    author      = "J. C. Mudge and G. S. Heinson",
    year        = "2011",
    title       = "Evolving Inversion Methods in Geophysics with Cloud Computing—
                   a case study of an eScience collaboration", 
    journal     = "Proceedings of IEEE eScience",
    pages       = "119-125"
}

