
@book{book:griffiths1999,
    author      = "David J. Griffiths",
    title       = "Introduction to electrodynamics",
    publisher   = "Prentice Hall",
    year        = "1999",
    pages       = "576"
}

@book{book:tikhonov1986,
    author      = "А. Н. Тихонов and В. Я. Арсенин",
    title       = "Методы решения некорректных задач",
    publisher   = "Наука",
    year        = "1986",
    pages       = "228"
}

@book{book:kabanihin2009,
    author      = "С. И. Кабанихин",
    title       = "Обратные и некорректные задачи",
    publisher   = "Сибирское научное издательство",
    year        = "2009",
    pages       = "457"
}

@book{book:terebiz2005,
    author      = "В. Ю. Теребиж",
    title       = "Введение в статистическую теорию обратных задач",
    publisher   = "Физматлит",
    year        = "2005",
    pages       = "376"
}

@book{book:ivanov1978,
    author      = "В. К. Иванов and В. В. Васин and В. П. Танана",
    title       = "Теория линейных некорректных задач и ее приложения",
    publisher   = "Наука",
    year        = "1978",
    pages       = "206"
}

@book{book:zhdanov2012,
    author      = "М. С. Жданов",
    title       = "Геофизическая электромагнитная теория и методы",
    publisher   = "Научный мир",
    year        = "2012",
    pages       = "680"
}

@book{book:bakushinskiy1989,
    author      = "А. Б. Бакушинский and А. В. Гончарский",
    title       = "Итеративные методы решения некорректных задач",
    publisher   = "Наука",
    year        = "1989",
    pages       = "130"
}

@book{book:tanenbaum2003,
    author      = "Эндрю Таненбаум and Мартин ван~Стеен",
    title       = "Распределенные системы. Принципы и парадигмы",
    publisher   = "Питер",
    year        = "2003",
    pages       = "877"
}

